@misc{Authors14,
 author = {Ashish V，Noam S，Niki P},
 title = {Proceedings of the 30th International Conference on Neural Information Processing Systems},
 note = {et al. Attention is all you
need[C]
},
 year = 2017
}

@misc{Authors14b,
 author = {Devlin J，Chang MingWei，Lee K},
 title = {Computational Linguistics：Human Language Technologies.},
 note = {et al. BERT：Pretraining of deep bidirectional transformers for language understanding[C] },
 year = 2019
}

@article{Alpher02,
author = {Dorottya Demszky, Dana Movshovitz-Attias, Jeongwoo Ko,Alan Cowen, Gaurav Nemade, Sujith Ravi},
title = {GoEmotions: A Dataset of Fine-Grained Emotions},
journal = {Journal of Foo},
}

@article{Alpher03,
author = {Wenhao Ying, Rong Xiang, Qin Lu},
title = {Improving Multi-label Emotion Classification by Integrating both General and Domain Knowledge},
}

@article{Alpher04,
author = {Lei Zhang, Shuai Wang, Bing Liu},
title = {Deep Learning for Sentiment Analysis: A Survey},
}
